@techreport{CSC2013,
	title = {Computer Science Curricula 2013},
	author = {{ACM/IEEE-CS Joint Task Force on Computing Curricula}},
	month = {December},
	year = {2013},
	institution = {ACM Press and IEEE Computer Society Press},
	url = {http://dx.doi.org/10.1145/2534860},
	doi = {10.1145/2534860}
}

@article{Gould:1985:DUK:3166.3170,
 author = {Gould, John D. and Lewis, Clayton},
 title = {Designing for Usability:  Key Principles and What Designers Think},
 journal = {Commun. ACM},
 issue_date = {March 1985},
 volume = {28},
 number = {3},
 month = mar,
 year = {1985},
 issn = {0001-0782},
 pages = {300--311},
 numpages = {12},
 url = {http://doi.acm.org/10.1145/3166.3170},
 doi = {10.1145/3166.3170},
 acmid = {3170},
 publisher = {ACM},
 address = {New York, NY, USA},
}

@article{Highsmith:ExtremeProgramming,
  author = {Highsmith, .J},
  title = {Extreme Programming},
  year = {2000},
  journal = {Cutter Consortium}
}

@article{rejsekort,
  author = {Rigsrevisionen},
  title = {Beretning til Statsrevisorerne om driften af rejsekortet},
  year = {2015}
}

@misc{beck,
  author = {Beck, Kent and Beedle, Mike and van Bennekum, Arie and Cockburn, Alistair and Cunningham, Ward and Fowler, Martin and Grenning, James and Highsmith, Jim and Hunt, Andrew and Jeffries, Ron and Kern, Jon and Marick, Brian and Martin, Robert C. and Mellor, Steve and Schwaber, Ken and Sutherland, Jeff and Thomas, Dave},
  booktitle = {Manifesto for Agile Software Development},
  description = {Manifesto for Agile Software Development},
  timestamp = {2007-12-30T11:39:05.000+0100},
  title = {Manifesto for Agile Software Development},
  url = {\url{http://www.agilemanifesto.org/}},
  year = {2001}
}

@misc{wiki:sectest,
 author = "Wikipedia",
 title = "Security testing --- Wikipedia{,} The Free Encyclopedia",
 year = "2015",
 url = "\url{http://en.wikipedia.org/w/index.php?title=Security_testing&oldid=658369191}",
 note = "[Online; accessed 16-May-2015]"
}

@book{Black:2008:AST:1502397,
 author = {Black, Rex},
 title = {Advanced Software Testing - Vol. 2, 2nd Edition: Guide to the ISTQB Advanced Certification as an Advanced Test Manager (Rockynook Computing)},
 year = {2014},
 isbn = {1937538508, 978-1937538507 },
 publisher = {Rocky Nook},
}

@book{book:matthiassen,
 author = {Bruegge, Bernd and Dutoit, Allen H.},
 title = {Object-Oriented Software Engineering Using UML, Patterns, and Java},
 year = {2009},
 isbn = {0136061257, 9780136061250},
 edition = {3rd},
 publisher = {Prentice Hall Press},
 address = {Upper Saddle River, NJ, USA},
}

@book{book:factor,
title = "Object-Oriented Analysis and Design",
publisher = "Marko",
author = "Lars Mathiassen and A. Munk-Madsen and Nielsen, {Peter Axel} and Jan Stage",
year = "2000",
}

@article{art:parnas,
 author = {Parnas, D L and Clements, P C},
 title = {A Rational Design Process: How and Why to Fake It},
 journal = {IEEE Trans. Softw. Eng.},
 issue_date = {Feb. 1986},
 volume = {12},
 number = {2},
 month = feb,
 year = {1986},
 issn = {0098-5589},
 pages = {251--257},
 numpages = {7},
 url = {http://dl.acm.org/citation.cfm?id=9794.9800},
 acmid = {9800},
 publisher = {IEEE Press},
 address = {Piscataway, NJ, USA},
}

@misc{golang:website,
  title = {{golang Wiki} Writing Web Applications},
  howpublished = {\url{https://golang.org/doc/articles/wiki/}},
  note = {Accessed: 2015-06-18}
}

@article{Naur1985,
  author = {Naur, Peter},
  biburl = {http://www.bibsonomy.org/bibtex/2539b79ad00e87b5062aaff9fbd47e235/voj},
  interhash = {1ea9520ff4720a14b613669c0816b479},
  intrahash = {539b79ad00e87b5062aaff9fbd47e235},
  journal = {Microprocessing and Microprogramming },
  keywords = {softwareengineering},
  number = {5},
  pages = {253-261},
  timestamp = {2011-04-18T12:09:52.000+0200},
  title = {Programming as Theory building},
  volume = {15},
  year = {1985}
}

@INPROCEEDINGS{MAD,
    author = {Michael Christensen and Andy Crabtree and Christian Heide Damm and Klaus Marius and Ole Lehrmann Madsen and Pernille Marqvardsen and Preben Mogensen and Lennert Sloth and Michael Thomsen},
    title = {The M.A.D. experience: Multiperspective Application Development in evolutionary prototyping},
    booktitle = {Proceedings of the Twelfth European Conference on Object-Oriented Programming, 1441},
    year = {1998},
    publisher = {Springer}
}

@book{Patterson:2013:COD:2568134,
 author = {Patterson, David A. and Hennessy, John L.},
 title = {Computer Organization and Design, Fifth Edition: The Hardware/Software Interface},
 year = {2013},
 isbn = {0124077269, 9780124077263},
 edition = {5th},
 publisher = {Morgan Kaufmann Publishers Inc.},
 address = {San Francisco, CA, USA},
}

@book{Kernighan:1988:CPL:576122,
 author = {Kernighan, Brian W.},
 editor = {Ritchie, Dennis M.},
 title = {The  C Programming Language},
 year = {1988},
 isbn = {0131103709},
 edition = {2nd},
 publisher = {Prentice Hall Professional Technical Reference},
}

@book{marchewka2015information,
  title={Information Technology Project Management, 5th Edition},
  author={Marchewka, J.T.},
  isbn={9781118898208},
  lccn={2014035703},
  url={https://books.google.dk/books?id=CgXYBgAAQBAJ},
  year={2015},
  publisher={Wiley}
}

@book{Cormen:2009:IAT:1614191,
 author = {Cormen, Thomas H. and Leiserson, Charles E. and Rivest, Ronald L. and Stein, Clifford},
 title = {Introduction to Algorithms, Third Edition},
 year = {2009},
 isbn = {0262033844, 9780262033848},
 edition = {3rd},
 publisher = {The MIT Press},
}

@book{O'Sullivan:2008:RWH:1523280,
 author = {O'Sullivan, Bryan and Goerzen, John and Stewart, Don},
 title = {Real World Haskell},
 year = {2008},
 isbn = {0596514980, 9780596514983},
 edition = {1st},
 publisher = {O'Reilly Media, Inc.},
}

@book{citeulike:10841194,
  author = {Lipova\v{c}a, Miran},
  day = {18},
  edition = {First},
  howpublished = {Paperback},
  isbn = {1593272839},
  keywords = {functional\_programming, haskell, introduction, programming, programming\_languages, textbooks},
  month = apr,
  posted-at = {2012-06-29 17:12:04},
  priority = {2},
  publisher = {No Starch Press},
  title = {{Learn You a Haskell for Great Good! A Beginner's Guide}},
  url = {http://www.amazon.com/exec/obidos/redirect?tag=citeulike07-20\&path=ASIN/1593272839},
  year = {2011}
}

@article{naur_datalogy,
  added-at = {2002-01-03T00:00:00.000+0100},
  author = {Sveinsdottir, Edda and Frøkjær, Erik},
  biburl = {http://www.bibsonomy.org/bibtex/28ec99b2994ceaefa7720717ca67a35d2/dblp},
  date = {2002-01-03},
  description = {dblp},
  interhash = {fcdb285deab3a1f14165a1819995331a},
  intrahash = {8ec99b2994ceaefa7720717ca67a35d2},
  journal = {BIT},
  keywords = {dblp},
  number = 3,
  pages = {450-472},
  timestamp = {2002-01-03T00:00:00.000+0100},
  title = {Datalogy - The Copenhagen Tradition of Computer Science.},
  url = {http://dblp.uni-trier.de/db/journals/bit/bit28.html#SveinsdottirF88},
  volume = 28,
  year = 1988
}

@article{Tange2011a,
  title = {GNU Parallel - The Command-Line Power Tool},
  author = {O. Tange},
  address = {Frederiksberg, Denmark},
  journal = {;login: The USENIX Magazine},
  month = {Feb},
  number = {1},
  volume = {36},
  url = {http://www.gnu.org/s/parallel},
  year = {2011},
  pages = {42-47},
  doi = {10.5281/zenodo.16303}
}

@book{mogensen2011introduction,
  title={Introduction to Compiler Design},
  author={Mogensen, T.{\AE}.},
  isbn={9780857298294},
  lccn={2011933601},
  series={Undergraduate Topics in Computer Science},
  url={https://books.google.dk/books?id=KvDustn1eikC},
  year={2011},
  publisher={Springer}
}

% Optional fields: volume/number, series, address, edition, month, note
@BOOK{BasicsofCompilerDesignMogensen,
  author = {Mogensen, Torben},
  title = {Basics of Compiler Design},
  publisher = {DIKU, University of Copenhagen},
  year = {2010},
  isbn = {8799315408},
  pages = {289}
}

@book{Appel:1997:MCI:248430,
 author = {Appel, Andrew W.},
 title = {Modern Compiler Implementation in ML: Basic Techniques},
 year = {1997},
 isbn = {0-521-58775-1},
 publisher = {Cambridge University Press},
 address = {New York, NY, USA},
}

@Book{Compilersprinciples,
     author =       "A. V. Aho and R. Sethi and J. D. Ullman",
     title =        "Compilers principles, techniques, and tools",
     publisher =    "Addison-Wesley",
     address =      "Reading, MA",
     year =         "1986",
}
